@article{biecek2018dalex,
  title={DALEX: explainers for complex predictive models in R},
  author={Biecek, Przemys{\l}aw},
  journal={The Journal of Machine Learning Research},
  volume={19},
  number={1},
  pages={3245--3249},
  year={2018},
  publisher={JMLR. org}
}
